@STRING{JQuantElec   = "J. Quantum Electronics"}
@STRING{unpublished  = "unpublished work"}
@STRING{PR           = "Phys. Rev."}
@STRING{AJP          = "Am. J. Phys."}
@STRING{PhysToday    = "Phys. Today"}
@STRING{RMP          = "Rev. Mod. Phys."}
@STRING{JOptB        = "J. Opt. B"}
@STRING{PLA          = "Phys. Lett. A"}
@STRING{APL          = "App. Phys. Lett."}
@STRING{APB          = "Appl. Phys. B"}
@STRING{EurophysLett = "Europhys. Lett." }
@STRING{FoundPhys    = "Foundations of Physics"}
@STRING{NJP          = "New J. Phys."}
@STRING{Science      = "Science"}
@STRING{RepProgPhys  = "Rep. Prog. Phys."}
@STRING{QIC          = "Quant. Inf. Comp."}
@STRING{LaserPhys    = "Laser Physics"}
@STRING{JChemPhys    = "J. Chem. Phys."}
@STRING{JOptSocAmB   = "J. Opt. Soc. Am. B"}
@STRING{EurPhysJD    = "Eur. Phys. J. D"}
@STRING{PRA          = "Phys. Rev. A"}
@STRING{PRL          = "Phys. Rev. Lett."}
@STRING{Nature       = "Nature (London)"}
@STRING{OptLett      = "Opt. Lett."}
@STRING{JMO          = "J. Mod. Opt."}
@STRING{RepMathPhys  = "Rep. Math. Phys."}

@article{bib:ShenDuan13,
  author = "C. Shen and Z. Zhang and L.-M. Duan",
  title = "Scalable Implementation of Boson Sampling with Trapped Ions",
  eprint = "arXiv:1310.4860",
  year = "2013"
}

@article{bib:Motes13,
  author = "Keith R. Motes and Jonathan P. Dowling and Peter P. Rohde",
  title = "Spontaneous parametric down-conversion photon sources are scalable in the asymptotic limit for boson-sampling",
  eprint = "arXiv:1307.8238",
  year = "2013"
}

@article{Tanzilli:2001kk,
author = {Tanzilli, S and de Riedmatten, H and Tittel, W and Zbinden, H and Baldi, P and De Micheli, M and Ostrowsky, D B and Gisin, N},
title = {{Highly efficient photon-pair source using periodically poled lithium niobate waveguide}},
journal = {Electronics Letters},
year = {2001},
volume = {37},
number = {1},
pages = {26}
}

@article{Lee:2012is,
author = {Lee, Hansuek and Chen, Tong and Li, Jiang and Painter, Oskar and Vahala, Kerry J},
title = {{Ultra-low-loss optical delay line on a silicon chip}},
journal = {Nature Communications},
year = {2012},
volume = {3},
pages = {867--},
month = may
}

@article{Bonneau:2012cb,
author = {Bonneau, Damien and Lobino, Mirko and Jiang, Pisu and Natarajan, Chandra and Tanner, Michael and Hadfield, Robert and Dorenbos, Sanders and Zwiller, Val and Thompson, Mark and O'Brien, Jeremy L},
title = {{Fast Path and Polarization Manipulation of Telecom Wavelength Single Photons in Lithium Niobate Waveguide Devices}},
journal = {Physical Review Letters},
year = {2012},
volume = {108},
number = {5},
month = jan
}

@article{bib:Scheel04,
title = "Upper bounds on success probabilities in linear optics",
author = "Stefan Scheel and Norbert L{\" u}tkenhaus",
year = "2004",
pages = "51",
volume = "6"
}

@article{PhysRevA.73.034301,
  title = {Feed-forward and its role in conditional linear optical quantum dynamics},
  author = {Scheel, S. and Munro, W. J. and Eisert, J. and Nemoto, K. and Kok, P.},
  journal = {Phys. Rev. A},
  volume = {73},
  pages = {034301},
  year = {2006},
}

@article{PhysRevLett.92.017902,
  title = {Experimental Nonlinear Sign Shift for Linear Optics Quantum Computation},
  author = {Sanaka, Kaoru and Jennewein, Thomas and Pan, Jian-Wei and Resch, Kevin and Zeilinger, Anton},
  journal = {Phys. Rev. Lett.},
  volume = {92},
  pages = {017902},
  year = {2004},
}

@article{bib:Okamoto2011,
title = "Realization of a Knill-Laflamme-Milburn controlled-NOT photonic quantum circuit combining effective optical nonlinearities",
author = "Ryo Okamotoa and Jeremy L. OÕBrien and Holger F. Hofmann and Shigeki Takeuchia",
year = "2011",
journal = "Proc. of Nat. Ac. of Sc. of the United States",
volume = "108",
pages = "25"
}

@article{bib:Ladner75,
author = "Richard Ladner",
title = "On the Structure of Polynomial Time Reducibility",
journal = "J. of the ACM (JACM)",
year = "1975",
volume = "22",
pages = "155"
}

@article{bib:Valiant79,
	author = "L. G. Valiant",
	journal = "Theoretical Computer Science",
	title = "The complexity of computing the permanent",
	volume = "8",
	pages = "189",
	year = "1979"
}

@article{bib:Ryser63,
	author = "Herbert John Ryser",
	year = "1963",
	journal = "Combinatorial Mathematics, Carus Mathematical Monograph No. 14"
}

@ARTICLE{bib:RohdeBarrett07,
	author = "Peter P. Rohde and Sean D. Barrett",
	title   = "Strategies for the preparation of large cluster states using non-deterministic gates",
	year  = "2007",
	journal = "New J. Phys",
	volume = "9",
	pages = "198"
}

@ARTICLE{bib:Gross06,
	author  = "D. Gross and K. Kieling and J. Eisert",
	title   = "Potential and limits to cluster state quantum computing using probabilistic gates",
	year    = "2006",
	journal = PRA,
	volume  = "74",
	pages   = "042343"
}

@ARTICLE{bib:GottesmanChuang99,
    author  = "D. Gottesman and I. L. Chuang",
    title   = "Demonstrating the viability of universal quantum computation using teleportation and single-qubit operations",
    year    = "1999",
    journal = Nature,
    volume  = "402",
    pages   = "390"
}

@article{Gross2010,
	Author = {Gross, David and Liu, Yi-Kai and Flammia, Steven T. and Becker, Stephen and Eisert, Jens},
	Journal = {Phys. Rev. Lett.},
	Pages = {150401},
	Title = {Quantum State Tomography via Compressed Sensing},
	Volume = {105},
	Year = {2010}
}

@article{Flammia2012,
	Author = {Flammia, S.~T. and Gross, D. and Liu, Y.-K. and Eisert, J.},
	Journal = {New J. Phys.},
	Pages = {095022},
	Title = {Quantum Tomography via Compressed Sensing: Error Bounds, Sample Complexity, and Efficient Estimators},
	Volume = {14},
	Year = {2012}
}
	
@ARTICLE{bib:RohdeRalph06b,
    author  = "Peter P. Rohde and Timothy C. Ralph",
    title   = "Modelling photo-detectors in quantum optics",
    year    = "2006",
    journal = "J. Mod. Opt.",
    volume  = "53",
    pages   = "1589"
}

@ARTICLE{bib:OBrien03,
    author  = "J. L. O'Brien and G. J. Pryde and A. G. White and T. C. Ralph and D. Branning",
    title   = "Demonstration of an all-optical quantum controlled-NOT gate",
    year    = "2003",
    journal = Nature,
    volume  = "426",
    pages   = "264"
}

@ARTICLE{bib:Achilles04,
	author  = "Daryl Achilles and Christine Silberhorn and Cezary Sliwa and Konrad Banaszek and Ian A. Walmsley and Michael J. Fitch and Bryan C. Jacobs and Todd B. Pittman and James D. Franson",
	title   = "Photon number resolving detection using time-multiplexing",
	year    = "2004",
	journal = JMO,
	volume  = "51",
	pages   = "1499"
}

@ARTICLE{bib:Fitch03,
    author  = "M. J. Fitch and B. C. Jacobs and T. B. Pittman and J. D. Franson",
    title   = "Photon number resolution using time-multiplexed single-photon detectors",
    year    = "2003",
    journal = PRA,
    volume  = "68",
    pages   = "043814"
}

@article{Law2000,
        author = {C. K. Law and I. A. Walmsley and J. H. Eberly},
        journal = "Phys. Rev. Lett.",
        pages = {5304},
        title = {Continuous Frequency Entanglement: Effective Finite Hilbert Space and Entropy Control},
        volume = {84},
        year = {2000}
}

@article{URen2005,
        author = {Alfred B. U'Ren and Christine Silberhorn and Reinhard Erdmann and Konrad Banaszek and Warren P. Grice and Ian A. Walmsley and Michael G. Raymer},
        pages = {146},
        journal = "Las. Phys.",
        title = {Generation of Pure-State Single-Photon Wavepackets by Conditional Preparation Based on Spontaneous Parametric Downconversion},
        volume = {15},
        year = {2005}
}

@article{Mosley2008,
        author = {Peter J. Mosley and Jeff S. Lundeen and Brian J. Smith and Piotr Wasylczyk and Alfred B. UÕRen and Christine Silberhorn and Ian A. Walmsley},
        journal = "Phys. Rev. Lett.",
        pages = {133601},
        title = {Heralded Generation of Ultrafast Single Photons in Pure Quantum States},
        volume = {100},
        year = {2008}
}

@article{Kuzucu2008,
        author = {Onur Kuzucu and Franco N. C. Wong and Sunao Kurimura and Sergey Tovstonog},
        journal = {Phys. Rev. Lett.},
        pages = {153602},
        title = {Joint Temporal Density Measurements for Two-Photon State Characterization},
        volume = {101},
        year = {2008}
}

@article{Eckstein2011,
        author = {Andreas Eckstein and Andreas Christ and Peter J. Mosley and Christine Silberhorn},
        journal = "Phys. Rev. Lett.",
        pages = {013603},
        title = {Highly Efficient Single-Pass Source of Pulsed Single-Mode Twin Beams of Light},
        volume = {106},
        year = {2011}
}

@article{Svozilik2011,
        title = {Generation of paired photons in a quantum separable state in Bragg reflection waveguides},
        journal = {Optics Express},
        year = {2011},
        volume = {19},
        pages = {3115},
        author = {Svozilik, J. and Hendrych, M. and Helmy, A.~S. and Torres, J.~P.}
}

@article{bib:Peruzzo11b,
	author = "Peruzzo, Alberto and Laing, Anthony and Politi, Alberto and Rudolph, Terry and O'Brien, Jeremy L.",
	title = "Multimode quantum interference of photons in multiport integrated devices",
	journal = "Nature Comm.",
	year = "2011",
	volume = "2",
	pages = "224"
}

@article{bib:metcalf12,
	author = "Benjamin J. Metcalf and Nicholas Thomas-Peter and Justin B. Spring and Dmytro Kundys and Matthew A. Broome and Peter C. Humphreys and Xian-Min Jin and Marco Barbieri and W. Steven Kolthammer and James C. Gates and Brian J. Smith and Nathan K. Langford and Peter G. R. Smith and Ian A. Walmsley",
	title = "Multiphoton quantum interference in a multiport integrated photonic device",
	journal = "Nature Comm.",
	volume = "4",
	pages = "1356",
	year = "2012"
}	

@ARTICLE{bib:RohdeWebb07,
	author = "Peter P. Rohde and James G. Webb and Elanor H. Huntington and Timothy C. Ralph",
	title = "Comparison of architectures for approximating number-resolving photo-detection using non-number-resolving detectors",
	year  = "2007",
	journal = "New J. Phys.",
	volume = "9",
	pages = "233"
}

@article{PhysRevA.52.R2493,
  title = {Scheme for reducing decoherence in quantum computer memory},
  author = {Shor, Peter W.},
  journal = {Phys. Rev. A},
  volume = {52},
  issue = {4},
  pages = {R2493--R2496},
  year = {1995},
  month = {Oct},
  doi = {10.1103/PhysRevA.52.R2493},
  url = {http://link.aps.org/doi/10.1103/PhysRevA.52.R2493},
  publisher = {American Physical Society}
}

@book{bib:AroraBarak,
	author = " S. Arora and B. Barak",
	title = "Computational Complexity: A Modern Approach",
	year = "2009",
	publisher = "Cambridge University Press"
}

@article{bib:Estes68,
	author = "L. E. Estes and T. H. Keil and L. M. Narducci",
	title = "Quantum-Mechanical Description of Two Coupled Harmonic Oscillators",
	journal = "Phys. Rev.",
	volume = "175",
	pages = "286",
	year = "1968"
}

@article{bib:Hagai08,
  title = {Realization of Quantum Walks with Negligible Decoherence in Waveguide Lattices},
  author = {Perets, Hagai B. and Lahini, Yoav and Pozzi, Francesca and Sorel, Marc and Morandotti, Roberto and Silberberg, Yaron},
  journal = {Phys. Rev. Lett.},
  volume = {100},
  pages = {170506},
  year = {2008},
}

@ARTICLE{bib:Matthews11,
title = "Simulating quantum statistics with entangled photons: a continuous transition from bosons to fermions",
author = "Jonathan C. F. Matthews and Konstantinos Poulios and Jasmin D. A. Meinecke and Alberto Politi and Alberto Peruzzo and Nur Ismail and Kerstin W{\" o}rhoff and Mark G. Thompson and Jeremy L. O'Brien",
journal = "Sci. Rep.",
volume = "3",
pages = "1539",
year = "2013"
}

@misc{bib:ComplexityZoo,
	title = "Complexity Zoo",
	author = "Scott Aaronson",
	URL = "https://complexityzoo.uwaterloo.ca/Complexity_Zoo",
}

@article{Sansoni12,
  volume = {108},
  journal = {Phys. Rev. Lett.},
  author = {Sansoni, Linda and Sciarrino, Fabio and Vallone, Giuseppe and Mataloni, Paolo and Crespi, Andrea and Ramponi, Roberta and Osellame, Roberto},
  title = {Two-Particle Bosonic-Fermionic Quantum Walk via Integrated Photonics},
  year = {2012},
  pages = {010502}
}

@article{bib:increasing12,
	title = "Increasing the dimensionality of quantum walks using multiple walkers",
	author = "Peter P. Rohde and Andreas Schreiber and Martin Stefanak and Igor Jex and Alexei Gilchrist and Christine Silberhorn",
	journal = "J. Comp. and Th. Nanosc. (in press)",
	year = "2013"
}

@article{PhysRevLett.109.150501,
  title = {Quantum Walks with Encrypted Data},
  author = {Peter P. Rohde and Joseph F. Fitzsimons and Alexei Gilchrist},
  journal = {Phys. Rev. Lett.},
  volume = {109},
  pages = {150501},
  year = {2012}
}

@ARTICLE{bib:ChuangNielsen97,
    author  = "I. L. Chuang and M. A. Nielsen",
    title   = "Prescription for experimental determination of the dynamics of a quantum black box",
    year    = "1997",
    journal = JMO,
    volume  = "44",
    pages   = "2455"
}

@article{bib:Saleh12,
	author = "Saleh Rahimi-Keshari and Matthew A. Broome and Robert Fickler and Alessandro Fedrizzi and Timothy C. Ralph and Andrew G. White",
	title = "Direct characterisation of any linear photonic device",
	year = "2012",
	eprint = "arXiv:1210.6463"
}

@ARTICLE{bib:BrowneRudolph05,
    author  = "Daniel E. Browne and Terry Rudolph",
    title   = "Resource-efficient linear optics quantum computation",
    year    = "2005",
    journal = PRL,
    volume  = "95",
    pages   = "010501"
}

@article{bib:RohdeFitzGil12,
  title = {Quantum Walks with Encrypted Data},
  author = {Peter P. Rohde and Joseph F. Fitzsimons and Alexei Gilchrist},
  journal = {Phys. Rev. Lett.},
  volume = {109},
  pages = {150501},
  year = {2012}
  }

@article{bib:RohdeLowFid12,
  title = {Optical quantum computing with photons of arbitrarily low fidelity and purity},
  author = {Peter P. Rohde},
  journal = {Phys. Rev. A},
  volume = {86},
  pages = {052321},
  year = {2012}
}

@article{bib:RohdeRalphErrBS,
  title = {Error tolerance of the boson-sampling model for linear optics quantum computing},
  author = {Peter P. Rohde and Timothy C. Ralph},
  journal = {Phys. Rev. A},
  volume = {85},
  pages = {022332},
  year = {2012}
}

@article{PhysRevLett.108.200502,
  title = {Blind Quantum Computing with Weak Coherent Pulses},
  author = {Dunjko, Vedran and Kashefi, Elham and Leverrier, Anthony},
  journal = {Phys. Rev. Lett.},
  volume = {108},
  pages = {200502},
  year = {2012},
}

@article{bib:Morimae3486,
author = "Tomoyuki Morimae and Vedran Dunjko and Elham Kashefi",
title = "Ground state blind quantum computation on AKLT state",
year = "2011",
eprint = "arXiv:1009.3486"
}

@article{bib:Morimae5460,
author = "Tomoyuki Morimae and Keisuke Fujii",
title = "Blind topological measurement-based quantum computation",
journal = "Nature Comm.",
volume = "3",
pages = "1036",
year = "2012"
}

@article{bib:Morimae3966,
author = "Tomoyuki Morimae and Keisuke Fujii",
title = "Blind quantum computation for Alice who does only measurements",
year = "2012",
eprint = "arXiv:1201.3966"
}

@ARTICLE{bib:Salvador12,
title = "Quantum walks: a comprehensive review",
author = "Salvador E. Venegas-Andraca",
journal = "QIP",
volume = "5",
pages = "1015",
year = "2012"
}

@article{giovannetti10,
  author = "Vittorio Giovannetti and Seth Lloyd and Lorenzo Maccone",
  title = "Quantum Private Queries: security analysis",
  year = "2010",
  journal = "IEEE Trans. on Inf. Th.",
  volume = "56",
  pages = "3465"
}

@article{lo1997insecurity,
  title={Insecurity of quantum secure computations},
  author={Lo, H.K.},
  journal={Physical Review A},
  volume={56},
  number={2},
  pages={1154},
  year={1997},
  publisher={APS}
}

@article{crepeau2006information,
  title={Information-theoretic conditions for two-party secure function evaluation},
  author={Cr{\'e}peau, C. and Savvides, G. and Schaffner, C. and Wullschleger, J.},
  journal={Advances in Cryptology-EUROCRYPT 2006},
  pages={538--554},
  year={2006},
  publisher={Springer}
}

@article{spekkens2001degrees,
  title={Degrees of concealment and bindingness in quantum bit commitment protocols},
  author={Spekkens, R.W. and Rudolph, T.},
  journal={Physical Review A},
  volume={65},
  number={1},
  pages={012310},
  year={2001},
  publisher={APS}
}

@inproceedings{gentry2009fully,
  title={Fully homomorphic encryption using ideal lattices},
  author={Gentry, C.},
  booktitle={Proceedings of the 41st annual ACM symposium on Theory of computing},
  pages={169--178},
  year={2009},
  organization={ACM}
}


@article{van2010fully,
  title={Fully homomorphic encryption over the integers},
  author={Van Dijk, M. and Gentry, C. and Halevi, S. and Vaikuntanathan, V.},
  journal={Advances in Cryptology--EUROCRYPT 2010},
  pages={24--43},
  year={2010},
  publisher={Springer}
}

@ARTICLE{bib:blind1,
title = "Experimental Demonstration of Blind Quantum Computing",
author = "Stefanie Barz and Elham Kashefi and Anne Broadbent and Joseph F. Fitzsimons and Anton Zeilinger and Philip Walther",
journal = "Science",
volume = "335",
year = "2012",
pages = "303"
}

@ARTICLE{bib:blind2,
title = "Blind Quantum Computation",
author = "Pablo Arrighi and Louis Salvail",
journal = "Int. J. of Quant. Inf.",
volume = "4",
year = "2006",
pages = "883"
}

@ARTICLE{bib:blind3,
title = "Universal blind quantum computation",
author = "Anne Broadbent and Joseph Fitzsimons and Elham Kashefi",
journal = "Proc. 50th Annual IEEE Symp. on Found. of Comp. Science (FOCS)",
year = "2009",
pages = "517"
}

@ARTICLE{bib:Schreiber12,
title = "A 2D quantum walk simulation of two-particle dynamics",
author = "Andreas Schreiber and Aur{\' e}l G{\'a}bris and Peter P. Rohde and Kaisa Laiho and Martin {\v S}tefa{\v n}{\' a}k and V{\' a}clav Poto{\u c}ek and Igor Jex and Christine Silberhorn",
journal = "Science",
volume = "336",
pages = "55",
year = "2012"
}

@ARTICLE{bib:Schreiber11b,
title = "Decoherence and disorder in quantum walks: From ballistic spread to localization",
author = "A. Schreiber and K. N. Cassemiro and V. Potocek and A. Gabris and I. Jex and Ch. Silberhorn",
journal = "Phys. Rev. Lett.",
year = "2011",
volume = "106",
pages = "180403"
}

@ARTICLE{bib:RohdeSchreiber12,
	author = "Peter P. Rohde and Andreas Schreiber and Martin {\v S}tefa{\v n}{\' a}k and Igor Jex and Alexei Gilchrist and Christine Silberhorn",
	title = "Increasing the dimensionality of quantum walks using multiple walkers",
	year = "2012",
	journal = "(in preparation)"
}

@ARTICLE{bib:Grover96,
  author = "L. K. Grover",
  title = "A fast quantum mechanical algorithm for database search",
  year = "1996",
  journal = "Proc. 28th Annual ACM Symp. on the Theory of Computing",
  pages = "212"
}

@ARTICLE{bib:Shor97,
  author = "Peter W. Shor",
  title = "Polynomial-Time Algorithms for Prime Factorization and Discrete Logarithms on a Quantum Computer",
  year = "1997",
  journal = "SIAM J. Comput.",
  volume = "26",
  pages = "1484"
}

@ARTICLE{bib:Nielsen04,
    author  = "M. A. Nielsen",
    title   = "Optical quantum computation using cluster states",
    year    = "2004",
    journal = PRL,
    volume  = "93",
    pages   = "040503"
}

@ARTICLE{bib:CalderbankShor96,
    author  = "A. R. Calderbank and Peter W. Shor",
    title   = "Good quantum error-correcting codes exist",
    year    = "96",
    journal = PRA,
    volume  = "54",
    pages   = "1098"
}

@ARTICLE{bib:Shor95,
    author  = "Peter W. Shor",
    title   = "Scheme for reducing decoherence in quantum computer memory",
    year    = "1995",
    journal = PRA,
    volume  = "52",
    pages   = "R2493"
}

@article{bib:Delgado07,
  journal = {Phys. Rev. A},
  month = {Sep},
  publisher = {American Physical Society},
  author = {P\'erez-Delgado, Carlos A. and Cheung, Donny},
  title = {Local unitary quantum cellular automata},
  year = {2007},
  pages = {032320},
  numpages = {15},
  volume = {76},
  doi = {10.1103/PhysRevA.76.032320},
  issue = {3}
}

@article{bib:Raussendorf05,
  journal = {Phys. Rev. A},
  month = {Aug},
  publisher = {American Physical Society},
  author = {Raussendorf, Robert},
  title = {Quantum cellular automaton for universal quantum computation},
  year = {2005},
  pages = {022301},
  numpages = {4},
  volume = {72},
  doi = {10.1103/PhysRevA.72.022301},
  issue = {2}
}

@ARTICLE{bib:vanDam96,
	author = "Wim van Dam",
	title = "Quantum cellular automata",
	journal = "University of Nijmegen",
	year = "1996"
}

@ARTICLE{bib:GroessingZeilinger88,
	author = "Gerhard Gr{\" o}ssing and Anton Zeilinger",
	title = "Quantum cellular automata",
	journal = "Complex Syst.",
	volume = "2",
	pages = "197",
	year = "1988"
}

@ARTICLE{bib:Watrous95,
	author = "J. Watrous",
	title = "On one-dimensional quantum cellular automata",
	journal = "Proc. 36th FOCS",
	year = "1995",
	pages = "528537"
}

@ARTICLE{bib:RohdeRalphAA12,
title = "Error tolerance of the BosonSampling model for linear optics quantum computing",
author = "Peter P. Rohde and Timothy C. Ralph",
journal = "Phys. Rev. A",
volume = "85",
pages = "022332",
year = "2012"
}

@ARTICLE{bib:yue76,
author = "H. P. Yuen",
journal = "Phys. Rev. A",
volume = "13",
pages = "2226",
year = "1976"
}

@ARTICLE{bib:Kok07,
author = "Pieter Kok and W. J. Munro and Kae Nemoto and T. C. Ralph and Jonathan P. Dowling and G. J. Milburn",
title = "Linear optical quantum computing with photonic qubits",
journal = "Rev. Mod. Phys.",
volume = "79",
pages = "135",
year = "2007"
}

@ARTICLE{bib:Lund08,
	author = "A. P. Lund and T. C. Ralph and H. L. Haselgrove",
	title = "Fault-Tolerant Linear Optical Quantum Computing with Small-Amplitude Coherent States",
	journal = "Phys. Rev. Lett.",
	volume = "100",
	pages = "030503",
	year = "2008"
}

@ARTICLE{bib:Mandal98,
	author = "Swapan Mandel",
	title = "Photon-number distribution of squeezed states: A graphical treatment",
	year = "1998",
	journal = "Phys. Rev. A",
	volume = "58",
	pages = "752"
}

@ARTICLE{bib:Varnava07,
	author = "M. Varnava and D. E. Browne and T. Rudolph",
	year = "2007"
}

@ARTICLE{bib:Fuchs97,
  title = "Cryptographic Distinguishability Measures for Quantum Mechanical States",
  author ="Christopher~A.~Fuchs and Jeroen~van~de~Graaf",
  eprint = "quant-ph/9712042",
  year = "1997"
}

@ARTICLE{bib:Bartlett02,
title = "Efficient Classical Simulation of Optical Quantum Information Circuits",
author = "Stephen~D.~Bartlett and Barry~C.~Sanders",
journal = "Phys. Rev. Lett.",
year = "2002",
volume = "89",
pages = "207903"
}

@ARTICLE{bib:Bartlett02b,
title = "Efficient Classical Simulation of Continuous Variable Quantum Information Processes",
author = "Stephen~D.~Bartlett and Barry~C.~Sanders and Samuel L. Braunstein and Kae Nemoto ",
year = "2002",
journal = "Phys. Rev. Lett.",
volume = "88",
pages = "097904"
}

@ARTICLE{bib:Reck94,
title = "Experimental realization of any discrete unitary operator",
author = "M.~Reck and A.~Zeilinger and H.~J.~Bernstein and P.~Bertani",
journal = "Phys. Rev. Lett.",
volume = "73",
pages = "58",
year = "1994"
}

@BOOK{bib:KokLovett11,
	author    = "Pieter~Kok and Brendon~W.~Lovett",
	title     = "Introduction to Optical Quantum Information Processing",
	year      = "2010",
	publisher = "Cambridge Press"
}

@ARTICLE{bib:RohdeFedrizzi11,
author = "Peter~P.~Rohde and Alessandro~Fedrizzi and Timothy~C.~Ralph",
title = "Entanglement dynamics and quasi-periodicity in discrete quantum walks",
year = "2011",
eprint = "arXiv:1102.4385"
}

@ARTICLE{bib:Owens11,
author = "J.~O.~Owens and M.~A.~Broome and D.~N.~Biggerstaff and M.~E.~Goggin and A.~Fedrizzi and T.~Linjordet and M.~Ams and G.~D.~Marshall and J.~Twamley and M.~J.~Withford and A.~G.~White",
title = "Two-photon quantum walks in an elliptical direct-write waveguide array",
year = "2011",
journal = "New. J. Phys.",
volume = "13",
pages = "075003"
}

@ARTICLE{bib:RohdeRalph05,
    author = "Peter P. Rohde and Timothy C. Ralph",
    title  = "Frequency and temporal effects in linear optical quantum computing",
    year   = "2005",
    journal = PRA,
    volume  = "71",
    pages   = "032320"
}

@ARTICLE{bib:RohdeRalph06,
    author  = "Peter P. Rohde and Timothy C. Ralph",
    title   = "Error models for mode-mismatch in linear optics quantum computing",
    year    = "2006",
    journal = PRA,
    volume  = "73",
    pages   = "062312"
}

@article{bib:AaronsonArkhipov10,
author = "Scott~Aaronson and Alex~Arkhipov",
title = "The Computational Complexity of Linear Optics",
journal = "Proc. ACM STOC (New York)",
pages = "333",
year = "2011"
}

@article{bib:Shi02,
author = "Bao-Sen~Shi and Akihisa~Tomita",
title = "Teleportation of an unknown state by W state",
journal = "Physics Letters A",
volume = "296",
number = "4-5",
pages = "161",
year = "2002"
}

@article{bib:Joo03,
author = "Jaewoo~Joo and Young-Jai~Park and Sangchul~Oh and Jaewan~Kim",
title = "Quantum teleportation via a W state",
year = "2003",
journal = "New J. Phys.",
volume = "5",
pages = "136"
}

@article{bib:BB84,
author = "Bennett~C.~H. and Brassard~G",
journal = "Proc. IEEE Int. Conf. on Computers, Systems, and Signal Processing (Bangalore) (New York: IEEE)",
year = "1984"
}

@article{bib:Bennett93,
author = "Bennett~C.~H. and Brassard~G. and Crepeau~C. and Jozsa~R and Peres~A. and Wooters~W.~K.",
journal = "Phys. Rev. Lett.",
year = "1993",
volume = "70",
pages = "1895"
}

@article{bib:Duer00,
author = "W.~Duer and G.~Vidal and J.~I.~Cirac",
journal = "Phys. Rev. A",
volume = "62",
pages = "062314",
year = "2000"
}

@ARTICLE{bib:RohdeComment10,
author = "Peter P. Rohde",
title = "Are quantum walks the saviour of optical quantum computing?",
year = "2010",
eprint = "arXiv:1010.4608"
}

@INBOOK{bib:GHZ89,
    author    = "Daniel M. Greenberger and Michael A. Horne and Anton Zeilinger (edited by M. Kafatos)",
    booktitle = "Bell's Theorem, Quantum Theory, and Conceptions of the Universe",
    title     = "Going beyond Bell's theorem",
    year      = "1989",
    pages     = "73",
    publisher = "Kluwer Academic, Dordrecht, The Netherlands"
}

@ARTICLE{bib:MeyerWallach02,
title = "Global entanglement in multiparticle systems",
author = "David~A.~Meyer and Nolan~R.~Wallach",
journal = "J. Math. Phys.",
year = "2002",
volume = "43",
pages = "4273"
}

@Article{bib:Wojcik04,
title = {Quasiperiodic Dynamics of a Quantum Walk on the Line},
author = {W\'ojcik, Antoni  and \L{}uczak, Tomasz  and Kurzy\ifmmode \acute{n}\else \'{n}\fi{}ski, Pawe\l{}  and Grudka, Andrzej  and Bednarska, Ma\l{}gorzata },
journal = {Phys. Rev. Lett.},
volume = {93},
pages = {180601},
year = {2004},
}

@ARTICLE{bib:bouwmeester_optical_1999,
title = "Optical Galton board",
author = "D.~Bouwmeester and I.~Marzoli and G.~P.~Karman and W.~Schleich and J.~P.~Woerdman",
journal = "Phys. Rev. A",
pages = "013410",
volume = "61",
year = "1999"
}

@ARTICLE{bib:Do05,
author = {Binh Do and Michael L. Stohler and Sunder Balasubramanian and Daniel S. Elliott and Christopher Eash and Ephraim Fischbach and Michael A. Fischbach and Arthur Mills and Benjamin Zwickl},
journal = {J. Opt. Soc. Am. B},
pages = {499},
title = {Experimental realization of a quantum quincunx by use of linear optical elements},
volume = {22},
year = {2005}
}

@ARTICLE{bib:zaehringer2009rqw,
author = "F.~Z{\"a}hringer and G.~Kirchmair and R.~Gerritsma and E.~Solano and R.~Blatt and C.~F.~Roos",
title = "Realization of a quantum walk with one and two trapped ions",
year = "2009",
journal = "Phys. Rev. Lett.",
volume = "104",
pages = "100503"
}

@ARTICLE{schmitz2009qwt,
author = {Schmitz, H. and Matjeschk, R. and Schneider, Ch. and Glueckert, J. and Enderlein, M. and Huber, T. and Schaetz, T.},
journal = {Phys. Rev. Lett.},
number = {9},
pages = {090504},
title = {Quantum Walk of a Trapped Ion in Phase Space},
volume = {103},
year = {2009}
}

@ARTICLE{MichalKarski07102009,
author = {Karski, Michal and Forster, Leonid and Choi, Jai-Min and Steffen, Andreas and Alt, Wolfgang and Meschede, Dieter and Widera, Artur},
journal = {Science},
number = {5937},
pages = {174},
title = {Quantum Walk in Position Space with Single Optically Trapped Atoms},
volume = {325},
year = {2009}
}

@ARTICLE{bib:Scheel03,
title = "Measurement-induced nonlinearity in linear optics",
author = "Stefan~Scheel and Kae~Nemoto and William~J.~Munro and Peter~L.~Knight",
year = "2003",
journal = "Phys. Rev. A",
volume = "68",
pages = "032310"
}

@ARTICLE{bib:Stefanak10,
title = "Full-revivals in 2-D Quantum Walks",
author = "M.~{\v S}tefa{\v n}{\' a}k and B.~Kollar and T.~Kiss and I.~Jex",
year = "2010",
journal = "Phys. Scr.",
volume = "T140",
pages = "014035"
}

@ARTICLE{bib:Carneiro05,
title = "Entanglement in coined quantum walks on regular graphs",
author = "Ivens~Carneiro and Meng~Loo and Xibai~Xu and Mathieu~Girerd and Viv~Kendon and Peter~L.~Knight",
year = "2005",
journal = "New J. Phys",
volume = "7",
pages = "156"
}

@ARTICLE{bib:RohdeSchreiber10,
title = "Multi-walker discrete time quantum walks on arbitrary graphs, their properties, and their photonic implementation",
author = "Peter~P.~Rohde and Andreas~Schreiber and Martin~{\v S}tefa{\v n}{\' a}k and Igor~Jex and Christine~Silberhorn",
journal = "New J. Phys.",
volume = "13",
pages = "013001",
year = "2011"
}

@ARTICLE{bib:ADZ,
  author = "Y.~Aharonov and L.~Davidovich and N.~Zagury",
  title = "Quantum random walks",
  journal = "Phys. Rev. A",
  volume = "48",
  pages = "1687",
  year = "1993"
}

@ARTICLE{bib:AAKV,
  author = "D.~Aharonov and A.~Ambainis and J.~Kempe and U.~Vazirani",
  journal = "STOC '01 Proceedings of the 33rd ACM symposium on Theory of computing",
  volume = "50",
  year = "2001"
}

@ARTICLE{bib:SKW,
  author = "N.~Shenvi and J.~Kempe and K.~B.~Whaley",
  journal = "Phys. Rev. A",
  volume = "67",
  pages = "052307",
  year = "2003"
}

@ARTICLE{bib:DW,
  author = "B.~L.~Douglas and J.~B.~Wang",
  journal = "J. Phys. A",
  volume = "41",
  pages = "075303",
  year = "2008"
}

@ARTICLE{bib:KFChSAMW,
  author = "M.~Karski and L.~F{\" o}rster and J.~Choi and A.~Steffen and W.~Alt and D.~Meschede and A.~Widera",
  journal = "Science",
  volume = "325",
  pages = "174",
  year = "2009"
}

@ARTICLE{bib:SMSGEHS,
  author = "H.~Schmitz and R.~Matjeschk and Ch.~Schneider and J.~Glueckert and M.~Enderlein and T.~Huber and T.~Schaetz",
  journal = "Phys. Rev. Lett.",
  volume = "103",
  pages = "090504",
  year = "2009"
}



@BOOK{bib:Hughes95,
  title = "Random walks and random environments, Vol. 1:
Random walks",
  author = "B.~D.~Hughes",
  publisher = "Oxford University Press, Oxford",
  year = "1995"
}

@ARTICLE{bib:Mackay02,
  title = "Quantum walks in higher dimensions",
  author = "T.~D.~Mackay and S.~D.~Bartlett and L.~T.~Stephenson and B.~C.~ Sanders",
  journal = "J. Phys. A: Math. Gen.",
  year = "2002",
  volume = "35",
  pages = "2745"
}

@ARTICLE{bib:Gamble10,
  title = {Two-particle quantum walks applied to the graph isomorphism problem},
  author = {Gamble, John King and Friesen, Mark  and Zhou, Dong  and Joynt, Robert  and Coppersmith, S. N.},
  journal = {Phys. Rev. A},
  volume = {81},
  number = {5},
  pages = {052313},
  numpages = {11},
  year = {2010},
  month = {May},
  doi = {10.1103/PhysRevA.81.052313},
  publisher = {American Physical Society}
}

@ARTICLE{bib:Stefanak06,
author = "M.~{\v S}tefa{\v n}{\' a}k and T.~Kiss and I.~Jex and B.~Mohring",
title = "The meeting problem in the quantum walk",
journal = "Journal of Phys. A.",
year = "2006",
volume = "39",
pages = "14965"
}

@ARTICLE{bib:Bromberg09,
author = "Yaron~Bromberg and Yoav~Lahini and Roberto~Morandotti and Yaron~Silberberg",
title = "Quantum and Classical Correlations in Waveguide Lattices",
journal = "Phys. Rev. Lett.",
year = "2009",
volume = "102",
pages = "253904"
}

@ARTICLE{bib:Peruzzo10,
author = "Alberto~Peruzzo and Mirko~Lobino and Jonathan~C.~F.~Matthews and Nobuyuki~Matsuda and Alberto~Politi and Konstantinos~Poulios and Xiao-Qi~Zhou and Yoav~Lahini and Nur~Ismail and Kerstin~W{\" o}rhoff and Yaron~Bromberg and Yaron~Silberberg and Mark~G.~Thompson and Jeremy~L.~O'Brien",
title = "Quantum walks of correlated particles",
year = "2010",
journal = "Science",
volume = "329",
pages = "1500"
}

@BOOK{bib:NielsenChuang00,
author    = "M.~A.~Nielsen and I.~L.~Chuang",
title     = "Quantum Computation and Quantum Information",
year      = "2000",
publisher = "Cambridge University Press, Cambridge"
}

@ARTICLE{bib:Goyal10,
author = "Sandeep~K.~Goyal and C.~M.~Chandrashekar",
title = "Spatial entanglement using a quantum walk on a many-body system",
year = "2010",
journal = "J. Phys. A: Math. Theor.",
volume = "43",
pages = "235303"
}

@ARTICLE{bib:Kempe08,
author = "J.~Kempe",
title = "Quantum random walks - an introductory overview",
year = "2003",
journal = "Cont. Phys.",
volume = "44",
pages = "307"
}

@ARTICLE{bib:Roldan05,
author = "Eugenio~Rold{\' a}n and J.~.C.~Soriano",
title = "Optical implementability of the two-dimensional quantum walk",
year = "2005",
journal = "J. Mod. Opt.",
volume = "52",
pages = "2649"
}

@ARTICLE{bib:Schreiber10,
author = "A.~Schreiber and K.~N.~Cassemiro and V.~Poto{\u c}ek and A.~G{\' a}bris and P.~J.~Mosley and E.~Andersson and I.~Jex and Ch.~Silberhorn",
title = "Photons Walking the Line: A Quantum Walk with Adjustable Coin Operations",
year = "2010",
journal = "Phys. Rev. Lett.",
volume = "104",
pages = "050502"
}

@ARTICLE{bib:RohdeMauererSilberhorn07,
author = "Peter P. Rohde and Wolfgang Mauerer and Christine Silberhorn",
title = "Spectral structure and decompositions of optical states, and their applications",
year = "2007",
journal = "New J. Phys.",
volume = "9",
pages = "91"
}

@ARTICLE{bib:HOM87,
author  = "C. K. Hong and Z. Y. Ou and L. Mandel",
title = "Measurement of sub-picosecond time intervals between two photons by interference",
year = "1987",
journal = "Phys. Rev. Lett.",
volume = "59",
pages = "2044"
}

@ARTICLE{bib:Pathak07,
author = "P.~K.~Pathak and G.~.S.~Agarwal",
title = "Quantum random walk of two photons in separable and entangled states",
year = "2007",
journal = "Phys. Rev. A",
volume = "75",
pages = "032351"
}

@ARTICLE{bib:Omar06,
author = "Y.~Omar and N.~Paunkovi{\'c} and L.~Sheridan and S.~Bose",
title = "Quantum walk on a line with two entangled particles",
year = "2006",
journal = "Phys. Rev. A",
volume = "74",
pages = "042304"
}

@ARTICLE{bib:VenegasAndraca09,
author = "Salvador~E.~Venegas-Andraca and Sougato~Bose",
title = "Quantum walk-based generation of entanglement between two walkers",
year = "2009",
eprint = "arXiv:0901.3946 [quant-ph]"
}

@ARTICLE{bib:Lovett10,
author = "Neil~B.~Lovett and Sally~Cooper and Matthew~Everitt and Matthew~Trevers and Viv~Kendon",
title = "Universal quantum computation using the discrete time quantum walk",
journal = "Phys. Rev. A",
volume = "81",
pages = "042330",
year = "2010",
}

@ARTICLE{bib:Broome10,
author = "M.~A.~Broome and A.~Fedrizzi and B.~P.~Lanyon and I.~Kassal and A.~Aspuru-Guzik and A.~G.~White",
title = "Discrete single-photon quantum walks with tunable decoherence",
year = "2010",
journal = "Phys. Rev. Lett.",
volume = "104",
pages = "153602"
}

@ARTICLE{bib:Childs09,
author = "Andrew~M.~Childs",
title = "Universal Computation by Quantum Walk",
year = "2009",
journal = "Phys. Rev. Lett.",
volume = "102",
pages = "180501"
}

@ARTICLE{bib:Raussendorf01,
    author  = "R. Raussendorf and H. J. Briegel",
    title   = "A one-way quantum computer",
    year    = "2001",
    journal = PRL,
    volume  = "86",
    pages   = "5188"
}

@ARTICLE{bib:Raussendorf03,
    author  = "R. Raussendorf and D. E. Browne and H. J. Briegel",
    title   = "Measurement-based quantum computation on cluster states",
    year    = "2003",
    journal = PRA,
    volume  = "68",
    pages   = "022312"
}

@ARTICLE{bib:KLM01,
    author  = "E. Knill and R. Laflamme and G. Milburn",
    title   = "A scheme for efficient quantum computation with linear optics",
    year    = "2001",
    journal = Nature,
    volume  = "409",
    pages   = "46"
}

@article{bib:Broome20122012,
author = "Broome, Matthew A. and Fedrizzi, Alessandro and Rahimi-Keshari, Saleh and Dove, Justin and Aaronson, Scott and Ralph, Timothy C. and White, Andrew G.", 
title = "Photonic Boson Sampling in a Tunable Circuit",
year = "2013", 
journal = "Science",
volume = "339",
pages = "6121"
}

@article{bib:Spring2,
author="Justin B. Spring and Benjamin J. Metcalf and Peter C. Humphreys and W. Steven Kolthammer and Xian-Min Jin and Marco Barbieri and Animesh Datta and Nicholas Thomas-Peter and Nathan K. Langford and Dmytro Kundys and James C. Gates and Brian J. Smith and Peter G. R. Smith and Ian A. Walmsley",
title="Boson Sampling on a Photonic Chip",
year="2013",
journal = "Science",
volume = "339",
pages = "798"
}

@article{bib:Crespi3,
author="A. Crespi and R. Osellame and R. Ramponi and D. J. Brod and E. F. Galvao and N. Spagnolo and C. Vitelli and E. Maiorino and P. Mataloni and F. Sciarrino",
title="Experimental boson sampling in arbitrary integrated photonic circuits",
year="2013",
journal = "Nature Phot.",
volume = "7",
pages = "545"
}

@article{bib:Tillmann4,
author="Max Tillmann and Borivoje Daki and Ren{' e} Heilmann and Stefan Nolte and Alexander Szameit and Philip Walther",
title="Experimental Boson Sampling",
year="2013",
journal = "Nature Phot.",
volume = "7",
pages = "540"
}

@article{bib:Peruzzo17092010,
author = {Peruzzo, Alberto and Lobino, Mirko and Matthews, Jonathan C. F. and Matsuda, Nobuyuki and Politi, Alberto and Poulios, Konstantinos and Zhou, Xiao-Qi and Lahini, Yoav and Ismail, Nur and WÃ¶rhoff, Kerstin and Bromberg, Yaron and Silberberg, Yaron and Thompson, Mark G. and OBrien, Jeremy L.}, 
title = {Quantum Walks of Correlated Photons},
volume = {329}, 
number = {5998}, 
pages = {1500-1503}, 
year = {2010}, 
doi = {10.1126/science.1193515}, 
journal = {Science} 
}

@article{bib:Gattass_Mazur_2008, 
title={Femtosecond laser micromachining in transparent materials}, 
volume={2}, 
journal={Nature Photonics}, 
author={Gattass, Rafael R and Mazur, Eric}, 
year={2008},
pages={219}
}

@article{bib:Laporta,
  author={G. Della Valle and R. Osellame and P. Laporta},
  title={Micromachining of photonic devices by femtosecond laser pulses},
  journal={J. Opt. A: Pure and App. Opt.},
  volume={11},
  pages={013001},
  year={2009},
 }
 
@article{bib:BrienLaing,
author = "Anthony Laing and Jeremy L. O'Brien",
title = "Super-stable tomography of any linear optical device",
year = "2012",
eprint = "arXiv:1208.2868 [quant-ph]"
}

@article{bib:HHogue,
    abstract = {View This Record in Scopus},
    author = {Takeuchi, Shigeki and Kim, Jungsang and Yamamoto, Yoshihisa and Hogue, Henry H.},
    journal = {App. Phys. Lett.},
    pages = {1063},
    title = {Development of a high-quantum-efficiency single-photon counting system},
    volume = {74},
    year = {1999}
}

@article{bib:kim902,
author = {Jungsang Kim and Shigeki Takeuchi and Yoshihisa Yamamoto and Henry H. Hogue},
collaboration = {},
title = {Multiphoton detection using visible light photon counter},
publisher = {AIP},
year = {1999},
journal = {Applied Physics Letters},
volume = {74},
number = {7},
pages = {902-904},
keywords = {photon counting; photodetectors; avalanche breakdown; avalanche photodiodes},
doi = {10.1063/1.123404}
}

@article{bib:kim2852,
author = {Jungsang Kim and Yoshihisa Yamamoto and Henry H. Hogue},
collaboration = {},
title = {Noise-free avalanche multiplication in Si solid state photomultipliers},
publisher = {AIP},
year = {1997},
journal = {Applied Physics Letters},
volume = {70},
number = {21},
pages = {2852-2854},
keywords = {photomultipliers; impact ionisation; impurity states; elemental semiconductors; avalanche breakdown; semiconductor device noise; silicon; photodetectors},
doi = {10.1063/1.119022}
}

@article{bib:Hadfield,
  author={Chandra M Natarajan and Michael G Tanner and Robert H Hadfield},
  title={Superconducting nanowire single-photon detectors: physics and applications},
  journal={Supercon. Sc. and Tech.},
  volume={25},
  pages={063001},
  year={2012}
 }
 
 @Article{bib:AleksanderD,
   affiliation = {EPFL},
   author      = {Divochiy, Aleksander and Marsili, Francesco and Bitauld,
                 David and Gaggero, Alessandro and Leoni, Roberto and
                 Mattioli, Francesco and Korneev, Alexander and Seleznev,
                 Vitaliy and Kaurova, Nataliya and Minaeva, Olga and
                 Gol'tsman, Gregory and Lagoudakis, Konstantinos G. and
                 Benkhaoul, Moushab and Levy, Francis and Fiore, Andrea},
   journal     = {Nature Phot.},
   pages       = {302},
   title       = {Superconducting nanowire photon-number-resolving detector at telecommunication wavelengths},
   volume      = {2},
   year        = 2008
}

@article{bib:RosenbergTES,
  title = {Noise-free high-efficiency photon-number-resolving detectors},
  author = {Rosenberg, Danna and Lita, Adriana E. and Miller, Aaron J. and Nam, Sae Woo},
  journal = {Phys. Rev. A},
  volume = {71},
  issue = {6},
  pages = {061803},
  numpages = {4},
  year = {2005},
  month = {Jun},
  doi = {10.1103/PhysRevA.71.061803},
  publisher = {American Physical Society}
}

@ARTICLE{bib:EkimovQuantumDots,
   author = {{Ekimov}, A.~I. and {Onushchenko}, A.~A.},
    title = "{Quantum size effect in three-dimensional microscopic semiconductor crystals}",
  journal = {Soviet Journal of Experimental and Theoretical Physics Letters},
     year = 1981,
    month = sep,
   volume = 34,
    pages = {345},
   adsurl = {http://adsabs.harvard.edu/abs/1981JETPL..34..345E},
  adsnote = {Provided by the SAO/NASA Astrophysics Data System}
}

@ARTICLE{bib:WaksVLPC, 
author={Waks, E. and Inoue, K. and Oliver, W.D. and Diamanti, E. and Yamamoto, Y.}, 
journal={Selected Topics in Quantum Electronics, IEEE Journal of}, title={High-efficiency photon-number detection for quantum information processing}, 
year={2003}, 
month={nov.-dec.}, 
volume={9}, 
number={6}, 
pages={ 1502 - 1511}, 
doi={10.1109/JSTQE.2003.820917}, 
ISSN={1077-260X},}

@ARTICLE{bib:Mingguo, 
author={Mingguo Liu and Xiaogang Bai and Chong Hu and Xiangyi Guo and Joe C. Campbell and Zhong Pan and Mark M. Tashima}, 
journal={Photonics Technology Letters, IEEE}, title={Low Dark Count Rate and High Single-Photon Detection Efficiency Avalanche Photodiode in Geiger-Mode Operation}, 
year={2007}, 
month={march15, }, 
volume={19}, 
number={6}, 
pages={378 -380}, 
ISSN={1041-1135},}

@inproceedings{bib:Gerrits12, 
author = {Thomas Gerrits and Brice Calkins and Adriana E. Lita and Alan Migdall and Richard Mirin and Sae Woo Nam}, 
booktitle = {CLEO: QELS-Fundamental Science}, 
journal = {CLEO: QELS-Fundamental Science},
keywords = {Low light level; Photodetectors; Quantum detectors},
pages = {QTu3E.2},
publisher = {Optical Society of America},
title = {Extending Single-Photon Optimized Superconducting Transition Edge Sensors beyond the single-photon counting regime}, 
year = {2012},
}
